@article{su2009survey,
  title={A survey of collaborative filtering techniques},
  author={Su, Xiaoyuan and Khoshgoftaar, Taghi M},
  journal={Advances in artificial intelligence},
  volume={2009},
  pages={4},
  year={2009},
  publisher={Hindawi Publishing Corp.}
}

@article{koren2009matrix,
  title={Matrix factorization techniques for recommender systems},
  author={Koren, Yehuda and Bell, Robert and Volinsky, Chris},
  journal={Computer},
  number={8},
  pages={30--37},
  year={2009},
  publisher={IEEE}
}

@incollection{pazzani2007content,
  title={Content-based recommendation systems},
  author={Pazzani, Michael J and Billsus, Daniel},
  booktitle={The adaptive web},
  pages={325--341},
  year={2007},
  publisher={Springer}
}

@inproceedings{wang2011collaborative,
  title={Collaborative topic modeling for recommending scientific articles},
  author={Wang, Chong and Blei, David M},
  booktitle={Proceedings of the 17th ACM SIGKDD international conference on Knowledge discovery and data mining},
  pages={448--456},
  year={2011},
  organization={ACM}
}

@article{le2014distributed,
  title={Distributed representations of sentences and documents},
  author={Le, Quoc V and Mikolov, Tomas},
  journal={arXiv preprint arXiv:1405.4053},
  year={2014}
}

@article{chen2012svdfeature,
  title={SVDFeature: a toolkit for feature-based collaborative filtering},
  author={Chen, Tianqi and Zhang, Weinan and Lu, Qiuxia and Chen, Kailong and Zheng, Zhao and Yu, Yong},
  journal={The Journal of Machine Learning Research},
  volume={13},
  number={1},
  pages={3619--3622},
  year={2012},
  publisher={JMLR. org}
}

@book{ricci2011introduction,
	title={Introduction to recommender systems handbook},
	author={Ricci, Francesco and Rokach, Lior and Shapira, Bracha},
	year={2011},
	publisher={Springer}
}

@inproceedings{bennett2007netflix,
	title={The netflix prize},
	author={Bennett, James and Lanning, Stan},
	booktitle={Proceedings of KDD cup and workshop},
	volume={2007},
	pages={35},
	year={2007}
}

@article{mazumder2010spectral,
	title={Spectral regularization algorithms for learning large incomplete matrices},
	author={Mazumder, Rahul and Hastie, Trevor and Tibshirani, Robert},
	journal={The Journal of Machine Learning Research},
	volume={11},
	pages={2287--2322},
	year={2010},
	publisher={JMLR. org}
}

@inproceedings{lee2001algorithms,
	title={Algorithms for non-negative matrix factorization},
	author={Lee, Daniel D and Seung, H Sebastian},
	booktitle={Advances in neural information processing systems},
	pages={556--562},
	year={2001}
}

@inproceedings{salakhutdinov2011probabilistic,
	title={Probabilistic matrix factorization},
	author={Salakhutdinov, Ruslan and Mnih, Andriy},
	year={2011},
	organization={Citeseer}
}

@inproceedings{salakhutdinov2008bayesian,
	title={Bayesian probabilistic matrix factorization using Markov chain Monte Carlo},
	author={Salakhutdinov, Ruslan and Mnih, Andriy},
	booktitle={Proceedings of the 25th international conference on Machine learning},
	pages={880--887},
	year={2008},
	organization={ACM}
}

@inproceedings{xu2013fast,
	title={Fast max-margin matrix factorization with data augmentation},
	author={Xu, Minjie and Zhu, Jun and Zhang, Bo},
	booktitle={Proceedings of the 30th International Conference on Machine Learning (ICML-13)},
	pages={978--986},
	year={2013}
}

@inproceedings{shi2013scmf,
	title={SCMF: Sparse Covariance Matrix Factorization for Collaborative Filtering.},
	author={Shi, Jianping and Wang, Naiyan and Xia, Yang and Yeung, Dit-Yan and King, Irwin and Jia, Jiaya},
	booktitle={IJCAI},
	year={2013}
}

@inproceedings{zhao2014leveraging,
	title={Leveraging social connections to improve personalized ranking for collaborative filtering},
	author={Zhao, Tong and McAuley, Julian and King, Irwin},
	booktitle={Proceedings of the 23rd ACM International Conference on Conference on Information and Knowledge Management},
	pages={261--270},
	year={2014},
	organization={ACM}
}

@inproceedings{ma2011recommender,
	title={Recommender systems with social regularization},
	author={Ma, Hao and Zhou, Dengyong and Liu, Chao and Lyu, Michael R and King, Irwin},
	booktitle={Proceedings of the fourth ACM international conference on Web search and data mining},
	pages={287--296},
	year={2011},
	organization={ACM}
}

@inproceedings{porteous2010bayesian,
	title={Bayesian Matrix Factorization with Side Information and Dirichlet Process Mixtures.},
	author={Porteous, Ian and Asuncion, Arthur U and Welling, Max},
	booktitle={AAAI},
	year={2010}
}

@inproceedings{kim2014scalable,
	title={Scalable Variational Bayesian Matrix Factorization with Side Information.},
	author={Kim, Yong-Deok and Choi, Seungjin},
	booktitle={AISTATS},
	pages={493--502},
	year={2014}
}

@inproceedings{park2013hierarchical,
	title={Hierarchical Bayesian Matrix Factorization with Side Information.},
	author={Park, Sunho and Kim, Yong-Deok and Choi, Seungjin},
	booktitle={IJCAI},
	year={2013}
}

@inproceedings{hu2013personalized,
	title={Personalized recommendation via cross-domain triadic factorization},
	author={Hu, Liang and Cao, Jian and Xu, Guandong and Cao, Longbing and Gu, Zhiping and Zhu, Can},
	booktitle={Proceedings of the 22nd international conference on World Wide Web},
	pages={595--606},
	year={2013},
	organization={International World Wide Web Conferences Steering Committee}
}

@inproceedings{menon2011response,
	title={Response prediction using collaborative filtering with hierarchies and side-information},
	author={Menon, Aditya Krishna and Chitrapura, Krishna-Prasad and Garg, Sachin and Agarwal, Deepak and Kota, Nagaraj},
	booktitle={Proceedings of the 17th ACM SIGKDD international conference on Knowledge discovery and data mining},
	pages={141--149},
	year={2011},
	organization={ACM}
}

@inproceedings{li2015predicting,
	title={Predicting user behavior in display advertising via dynamic collective matrix factorization},
	author={Li, Sheng and Kawale, Jaya and Fu, Yun},
	booktitle={Proceedings of the 38th International ACM SIGIR Conference on Research and Development in Information Retrieval},
	pages={875--878},
	year={2015},
	organization={ACM}
}


--
@inproceedings{salakhutdinov2007restricted,
	title={Restricted Boltzmann machines for collaborative filtering},
	author={Salakhutdinov, Ruslan and Mnih, Andriy and Hinton, Geoffrey},
	booktitle={Proceedings of the 24th international conference on Machine learning},
	pages={791--798},
	year={2007},
	organization={ACM}
}

@inproceedings{phung2009ordinal,
	title={Ordinal Boltzmann machines for collaborative filtering},
	author={Phung, Dinh Q and Venkatesh, Svetha and others},
	booktitle={Proceedings of the Twenty-fifth Conference on Uncertainty in Artificial Intelligence},
	pages={548--556},
	year={2009},
	organization={AUAI Press}
}

@inproceedings{hu2014deep,
	title={Deep Modeling of Group Preferences for Group-Based Recommendation.},
	author={Hu, Liang and Cao, Jian and Xu, Guandong and Cao, Longbing and Gu, Zhiping and Cao, Wei},
	booktitle={AAAI},
	pages={1861--1867},
	year={2014}
}

@inproceedings{ouyang2014autoencoder,
	title={Autoencoder-based collaborative filtering},
	author={Ouyang, Yuanxin and Liu, Wenqi and Rong, Wenge and Xiong, Zhang},
	booktitle={Neural Information Processing},
	pages={284--291},
	year={2014},
	organization={Springer}
}

@inproceedings{wang2014improving,
	title={Improving content-based and hybrid music recommendation using deep learning},
	author={Wang, Xinxi and Wang, Ye},
	booktitle={Proceedings of the ACM International Conference on Multimedia},
	pages={627--636},
	year={2014},
	organization={ACM}
}

@inproceedings{van2013deep,
	title={Deep content-based music recommendation},
	author={Van den Oord, Aaron and Dieleman, Sander and Schrauwen, Benjamin},
	booktitle={Advances in Neural Information Processing Systems},
	pages={2643--2651},
	year={2013}
}

@inproceedings{wang2015collaborative,
	title={Collaborative deep learning for recommender systems},
	author={Wang, Hao and Wang, Naiyan and Yeung, Dit-Yan},
	booktitle={Proceedings of the 21th ACM SIGKDD International Conference on Knowledge Discovery and Data Mining},
	pages={1235--1244},
	year={2015},
	organization={ACM}
}

@article{chin2015fast,
  title={A fast parallel stochastic gradient method for matrix factorization in shared memory systems},
  author={Chin, Wei-Sheng and Zhuang, Yong and Juan, Yu-Chin and Lin, Chih-Jen},
  journal={ACM Transactions on Intelligent Systems and Technology (TIST)},
  volume={6},
  number={1},
  pages={2},
  year={2015},
  publisher={ACM}
}

@article{rendle2012factorization,
  title={Factorization machines with libFM},
  author={Rendle, Steffen},
  journal={ACM Transactions on Intelligent Systems and Technology (TIST)},
  volume={3},
  number={3},
  pages={57},
  year={2012},
  publisher={ACM}
}




